@Inbook{Kopp2006,
author="Kopp, Stefan
and Krenn, Brigitte
and Marsella, Stacy
and Marshall, Andrew N.
and Pelachaud, Catherine
and Pirker, Hannes
and Th{\'o}risson, Kristinn R.
and Vilhj{\'a}lmsson, Hannes",
editor="Gratch, Jonathan
and Young, Michael
and Aylett, Ruth
and Ballin, Daniel
and Olivier, Patrick",
title="Towards a Common Framework for Multimodal Generation: The Behavior Markup Language",
bookTitle="Intelligent Virtual Agents: 6th International Conference, IVA 2006, Marina Del Rey, CA, USA, August 21-23, 2006. Proceedings",
year="2006",
publisher="Springer Berlin Heidelberg",
address="Berlin, Heidelberg",
pages="205--217",
isbn="978-3-540-37594-4"
}

@InProceedings{Angel2017,
author = {Angel-Fernandez, Julian M. and Bonarini, Andrea},
title = {Towards Enriching Robot's Actions with Affective Movements},
booktitle = {The Twelfth  ACM/IEEE International Conference on Human Robot Interaction},
 series = {HRI '17},
 year = {2017},
 location = {Vienna, Austria}
}

@Unpublished{Angel2017-2,
author = {Angel-Fernandez, Julian M. and Bonarini, Andrea},
title = {Identifying Values to Express Emotions with a Non-Anthropomorphic Platform},
note = {Manuscript submitted},
year = {2017}
}

@Unpublished{Angel2016,
author = {Angel-Fernandez, Julian M. and Bonarini, Andrea},
title = {Showing Emotions: Emotion Representation with no bio-inspired Body},
note = {Manuscript accepted},
year = {2016}
}

@misc {Pavia2014,
      author = {"Ana Paiva and Iolanda Leite and Tiago Ribeiro"},
      editor= {"Rafael Calvo and Sidney D'Mello and Jonathan Gratch and Arvid Kappas"},
      title = {"Emotion Modeling for Social Robots"},
      publisher = {"Oxford University Press"},
      isbn = {"9780199942237"},
      url ={"//www.oxfordhandbooks.com/10.1093/oxfordhb/9780199942237.001.0001/oxfordhb-9780199942237-e-029"}
}


@inproceedings{Cauchard2016,
 author = {Cauchard, Jessica Rebecca and Zhai, Kevin Y. and Spadafora, Marco and Landay, James A.},
 title = {Emotion Encoding in Human-Drone Interaction},
 booktitle = {The Eleventh ACM/IEEE International Conference on Human Robot Interaction},
 series = {HRI '16},
 year = {2016},
 isbn = {978-1-4673-8370-7},
 location = {Christchurch, New Zealand},
 pages = {263--270},
 numpages = {8},
 url = {http://dl.acm.org/citation.cfm?id=2906831.2906878},
 acmid = {2906878},
 publisher = {IEEE Press},
 address = {Piscataway, NJ, USA},
 keywords = {affective computing, drone, uav}
} 

@inproceedings{Tan2016,
 author = {Tan, Haodan and Tiab, John and \v{S}abanovi\'{c}, Selma and Hornb{\ae}k, Kasper},
 title = {Happy Moves, Sad Grooves: Using Theories of Biological Motion and Affect to Design Shape-Changing Interfaces},
 booktitle = {Proceedings of the 2016 ACM Conference on Designing Interactive Systems},
 series = {DIS '16},
 year = {2016},
 isbn = {978-1-4503-4031-1},
 location = {Brisbane, QLD, Australia},
 pages = {1282--1293},
 numpages = {12},
 url = {http://doi.acm.org/10.1145/2901790.2901845},
 doi = {10.1145/2901790.2901845},
 acmid = {2901845},
 publisher = {ACM},
 address = {New York, NY, USA},
 keywords = {affect, emotion, shape-changing interfaces}
} 

@inproceedings{knight2016,
  title={Laban head-motions convey robot state: A call for robot body language},
  author={Knight, Heather and Simmons, Reid},
  booktitle={Robotics and Automation (ICRA), 2016 IEEE International Conference on},
  pages={2881--2888},
  year={2016},
  organization={IEEE}
}

@Misc{Ishiguro2013,
author = {Hiroshi Ishiguro Laboratory},
title = {Robots},
howpublished = {Internet},
url = {http://www.geminoid.jp/en/index.html}
}

@article{opencv_library, 
    author = {Bradski, G.}, 
    citeulike-article-id = {2236121}, 
    journal = {Dr. Dobb's Journal of Software Tools}, 
    keywords = {bibtex-import}, 
    posted-at = {2008-01-15 19:21:54}, 
    priority = {4}, 
    title = {{The OpenCV Library}}, 
    year = {2000} 
} 

@book{Gamma1995,
 author = {Gamma, Erich and Helm, Richard and Johnson, Ralph and Vlissides, John},
 title = {Design Patterns: Elements of Reusable Object-oriented Software},
 year = {1995},
 isbn = {0-201-63361-2},
 publisher = {Addison-Wesley Longman Publishing Co., Inc.},
 address = {Boston, MA, USA},
} 

@conference {ROS2015,
	title = {ROS: an open-source Robot Operating System},
	booktitle = {ICRA Workshop on Open Source Software},
	year = {2009},
	attachments = {http://www.willowgarage.com/sites/default/files/icraoss09-ROS.pdf},
	author = {Morgan Quigley and Ken Conley and Brian P. Gerkey and Josh Faust and Tully Foote and Jeremy Leibs and Rob Wheeler and Andrew Y. Ng}
}

@article{pop00002,
author = {A. Camurri and I. Lagerl\"{o}f and G. Volpe},
title = {Recognizing emotion from dance movement: comparison of spectator recognition and automated techniques},
booktitle = {International Journal of Human-Computer Studies},
publisher = {Elsevier},
year = {2003},
volume = {59},
number = {1-2},
pages = {213-225},
url = {http://linkinghub.elsevier.com/retrieve/pii/S1071581903000508},
}

@article{NAM2014,
  title={Understanding the Relation between Emotion and Physical Movements},
  author={Tek-Jin NAM and Jong-Hoon LEE and Sunyoung PARK and Hyeon-Jeong SUK},
  journal={International Journal of Affective Engineering},
  volume={13},
  number={3},
  pages={217-226},
  year={2014}
}

@Inbook{Masuda2009,
author="Masuda, Megumi
and Kato, Shohei
and Itoh, Hidenori",
editor="Yang, Jung-Jin
and Yokoo, Makoto
and Ito, Takayuki
and Jin, Zhi
and Scerri, Paul",
chapter="Emotion Detection from Body Motion of Human Form Robot Based on Laban Movement Analysis",
title="Principles of Practice in Multi-Agent Systems: 12th International Conference, PRIMA 2009, Nagoya, Japan, December 14-16, 2009. Proceedings",
year="2009",
publisher="Springer Berlin Heidelberg",
address="Berlin, Heidelberg",
pages="322--334",
isbn="978-3-642-11161-7",
url="http://dx.doi.org/10.1007/978-3-642-11161-7_22"
}

@Inbook{Masuda2010,
author="Masuda, Megumi
and Kato, Shohei
and Itoh, Hidenori",
editor="Kang, Byeong-Ho
and Richards, Debbie",
chapter="Laban-Based Motion Rendering for Emotional Expression of Human Form Robots",
title="Knowledge Management and Acquisition for Smart Systems and Services: 11th International Workshop, PKAW 2010, Daegue, Korea, August 20 - September 3, 2010. Proceedings",
year="2010",
publisher="Springer Berlin Heidelberg",
address="Berlin, Heidelberg",
pages="49--60",
isbn="978-3-642-15037-1",
url="http://dx.doi.org/10.1007/978-3-642-15037-1_5"
}


@article{BarakovaL10,
  author    = {Emilia I. Barakova and
               Tino Lourens},
  title     = {Expressing and interpreting emotional movements in social games with
               robots},
  journal   = {Personal and Ubiquitous Computing},
  volume    = {14},
  number    = {5},
  pages     = {457--467},
  year      = {2010},
  url       = {http://dx.doi.org/10.1007/s00779-009-0263-2}
}

@inproceedings{Barakova2013,
  author    = {Liang Hiah and
               Luuk Beursgens and
               Roy Haex and
               Lilia Perez Romero and
               Yu{-}Fang Teh and
               Martijn ten Bh{\"{o}}mer and
               Roos van Berkel and
               Emilia I. Barakova},
  title     = {Abstract robots with an attitude: Applying interpersonal relation
               models to human-robot interaction},
  booktitle = {{IEEE} International Symposium on Robot and Human Interactive Communication,
               {IEEE} {RO-MAN} 2013, Gyeongju, Korea (South), August 26-29, 2013},
  pages     = {37--44},
  year      = {2013}
}

@book{Leary57,
    author = {Leary, Timothy},
    citeulike-article-id = {8637627},
    keywords = {imported},
    posted-at = {2011-01-18 13:56:11},
    priority = {0},
    publisher = {Ronald Press Company: New York.},
    title = {{Interpersonal Diagnosis of Personality: Functional Theory and Methodology for Personality Evaluation}},
    year = {1957}
}
@article{WatsonClarkTellegen88,
  added-at = {2008-09-16T23:39:07.000+0200},
  author = {Watson, D. and Clark, L. A. and Tellegen, A.},
  description = {CCNLab BibTeX},
  journal = {Journal of Personality and Social Psychology},
  keywords = {CCP JRR,},
  pages = {1063-1070},
  timestamp = {2008-09-16T23:41:25.000+0200},
  title = {Development and validation of brief measures of positive and negative
	affect: the PANAS scales},
  volume = 54,
  year = 1988
}
@article{pratto1994social,
  title={Social dominance orientation: A personality variable predicting social and political attitudes.},
  author={Pratto, Felicia and Sidanius, Jim and Stallworth, Lisa M and Malle, Bertram F},
  journal={Journal of personality and social psychology},
  volume={67},
  number={4},
  pages={741},
  year={1994},
  publisher={American Psychological Association}
}


@inproceedings{Saerbeck2010,
 author = {Saerbeck, Martin and Bartneck, Christoph},
 title = {Perception of Affect Elicited by Robot Motion},
 booktitle = {Proceedings of the 5th ACM/IEEE International Conference on Human-robot Interaction},
 series = {HRI '10},
 year = {2010},
 isbn = {978-1-4244-4893-7},
 location = {Osaka, Japan},
 pages = {53--60},
 numpages = {8},
 url = {http://dl.acm.org/citation.cfm?id=1734454.1734473},
 acmid = {1734473},
 publisher = {IEEE Press},
 address = {Piscataway, NJ, USA},
 keywords = {affective communication, expressive robotic behavior, nonverbal communication}
} 

@INPROCEEDINGS{Knight2014, 
author={Knight, H. and Simmons, R.}, 
booktitle={Robot and Human Interactive Communication, 2014 RO-MAN: The 23rd IEEE International Symposium on}, 
title={Expressive motion with x, y and theta: Laban Effort Features for mobile robots}, 
year={2014}, 
pages={267-273}, 
keywords={human-robot interaction;mobile robots;ontologies (artificial intelligence);Amazon Mechanical Turk;Laban effort features;Laban effort system;expressive mobile robots;expressive motion;extensively tested acting ontology;low degree of freedom systems;machine analysis;social communication;Acceleration;Accuracy;Mobile robots;Training;Trajectory;Vectors}, 
doi={10.1109/ROMAN.2014.6926264}, 
month={Aug}
}

@Article{Gross2010,
author={Gross, M. Melissa
and Crane, Elizabeth A.
and Fredrickson, Barbara L.},
title={Methodology for Assessing Bodily Expression of Emotion},
journal={Journal of Nonverbal Behavior},
year={2010},
volume={34},
number={4},
pages={223--248},
issn={1573-3653},
url={http://dx.doi.org/10.1007/s10919-010-0094-x}
}

@InBook{Yong2010,
author = {Lui, Yong},
editor = {Ales Ude},
title = { Robot Vision},
chapter = {Navigation and Control of Mobile Robot Using Sensor Fusion},
ISBN = {978-953-307-077-3},
publisher = {InTech},
year = {2010}
}


@techreport{Krippendorff2007,
    abstract = {{Krippendorff's alpha (α) is a reliability coefficient developed to measure the agreement between observers, coders, judges, raters, or measuring instruments. It emerged in content analysis but is widely applicable wherever two or more methods of processing data are applied to the same set of objects, units of analysis, or items and the question is how much they agree.}},
    author = {Krippendorff, Klaus},
    citeulike-article-id = {8001463},
    howpublished = {http://repository.upenn.edu/asc\_papers/43/},
    institution = {University of Pennsylvania, Annenberg School for Communication},
    keywords = {reliability},
    month = jun,
    posted-at = {2010-10-12 07:54:24},
    priority = {2},
    title = {{Computing Krippendorff's Alpha Reliability}},
    year = {2007}
}

@article{Viera2005,
    citeulike-article-id = {3371551},
    citeulike-linkout-0 = {http://view.ncbi.nlm.nih.gov/pubmed/15883903},
    citeulike-linkout-1 = {http://www.hubmed.org/display.cgi?uids=15883903},
    issn = {0742-3225},
    journal = {Family Medicine},
    keywords = {kappa},
    month = may,
    number = {5},
    pages = {360--363},
    pmid = {15883903},
    posted-at = {2010-10-16 16:44:57},
    priority = {2},
    title = {{Understanding Interobserver Agreement: The Kappa Statistic}},
    url = {http://view.ncbi.nlm.nih.gov/pubmed/15883903},
    volume = {37},
    year = {2005}
}

@misc{Barba2003,
  author    = {Eugenio Barba},
  title     = {The house of the origins and the return},
  howpublished = {Speech on the occasion of conferring the title of Doctor honoris causa by the University of Warsaw 28.5.2003 },
  year      = {2003},
  url     = {http://www.odinteatret.dk/media/41029/2003,\%20Warsawa\%20Univ\%20-\%20EN\%20Discurso.pdf}
}

@book{oehlert2000first,
  title={A First Course in Design and Analysis of Experiments},
  author={Oehlert, G.W.},
  isbn={9780716735106},
  lccn={99059934},
  url={https://books.google.at/books?id=2SOKQgAACAAJ},
  year={2000},
  publisher={W. H. Freeman}
}


@INPROCEEDINGS{Marzinotto2014, 
author={Marzinotto, A. and Colledanchise, M. and Smith, C. and Ogren, P.}, 
booktitle={Robotics and Automation (ICRA), 2014 IEEE International Conference on}, 
title={Towards a unified behavior trees framework for robot control}, 
year={2014}, 
pages={5420-5427}, 
keywords={manipulators;trees (mathematics);BTs;CHDSs;behavior trees;controlled hybrid dynamical systems;execution tool;grasping mission;plan representation;robot control;Heuristic algorithms;Robots;Synchronization;Tin;Trajectory;Vehicles}, 
doi={10.1109/ICRA.2014.6907656}, 
month={May}}

@article{Novika2015,
year={2015},
issn={1875-4791},
journal={International Journal of Social Robotics},
volume={7},
number={1},
doi={10.1007/s12369-014-0254-y},
title={Towards Artificial Emotions to Assist Social Coordination in HRI},
url={http://dx.doi.org/10.1007/s12369-014-0254-y},
publisher={Springer Netherlands},
keywords={HRI; Artificial emotions; Communication of emotions; Social robot},
author={Novikova, Jekaterina and Watts, Leon},
pages={77-88},
language={English}
}

@INPROCEEDINGS{Destephe2013b, 
author={Destephe, Matthieu and Zecca, Massimiliano and Hashimoto, Kenji and Takanishi, Atsuo},  
booktitle={Robotics and Biomimetics (ROBIO), 2013 IEEE International Conference on}, 
title={Perception of emotion and emotional intensity in humanoid robots gait}, 
year={2013}, 
pages={1276-1281}, 
doi={10.1109/ROBIO.2013.6739640}, 
month={Dec}
}

@conference{Beck2010,
author = "Aryel Beck and Lola Ca\~{n}amero and Kim Bard",
abstract = "In order for robots to be socially accepted and generate empathy it is necessary for them to display rich emotions. For robots such as Nao, body language is the best medium available, as they do not have the ability to display facial expressions. Displaying emotional body language that can be interpreted whilst interacting with the robot should greatly improve its sociability. This research investigates the creation of an Affect Space for the generation of emotional body language that will be displayed by robots.",
booktitle = "IREE RoMan Conference",
title = "{T}owards an affect space for robots to display emotional body language",
year = "2010"
}

@article{Li2011,
  author    = {Jamy Li and
               Mark H. Chignell},
  title     = {Communication of Emotion in Social Robots through Simple Head and
               Arm Movements},
  journal   = {I. J. Social Robotics},
  volume    = {3},
  number    = {2},
  pages     = {125--142},
  year      = {2011},
  biburl    = {http://dblp.uni-trier.de/rec/bib/journals/ijsr/LiC11}
}

@Article{Lakatos2014,
author = {Lakatos, Gabriella and Gacsi, Marta and Konok, Veronika and Bruder, Ildiko and Berczky, Boroka and Korondi, Peter and Miklosi, Adam},
title = {Emotion Attribution to a Non-Humanoid Robot in Different Social Situations},
journal = {PLos ONE},
year = {2014},
month = {December}
}

@INPROCEEDINGS{Brown2014, 
author={Brown, LaVonda. and Howard, AAyanna M.}, 
booktitle={Robot and Human Interactive Communication, 2014 RO-MAN: The 23rd IEEE International Symposium on Robot and Human Interactive Communication}, 
title={Gestural behavioral implementation on a humanoid robotic platform for effective social interaction}, 
year={2014}, 
pages={471-476}, 
keywords={human-robot interaction;humanoid robots;dominant emotion association;gestural behavior implementation;humanoid robotic platform;social interaction;Knee;Legged locomotion;Robot sensing systems;Sensitivity;Standards;Torque}, 
doi={10.1109/ROMAN.2014.6926297}, 
month={Aug}
}

@article{Heerink08,
	author = {Marcel Heerink and Krose Ben and Vanessa Evers and Bob Wielinga},
	title = {The Influence of Social Presence on Acceptance of a Companion Robot by Older People},
	journal = {Journal of Physical Agents},
	volume = {2},
	number = {2},
	year = {2008},
	keywords = {Human robot interaction, technology acceptance, assistive technology},
	issn = {1888-0258},
	url = {http://www.jopha.net/index.php/jopha/article/view/28}
}

@article{murphy2011,
year={2011},
issn={0929-5593},
journal={Autonomous Robots},
volume={30},
number={2},
doi={10.1007/s10514-010-9210-3},
title={A Midsummer Night's Dream (with flying robots)},
url={http://dx.doi.org/10.1007/s10514-010-9210-3},
publisher={Springer US},
keywords={Robot theater; Robot affect; Human-robot interaction; Public performance; Unmanned aerial vehicles},
author={Murphy, Robin and Shell, Dylan and Guerin, Amy and Duncan, Brittany and Fine, Benjamin and Pratt, Kevin and Zourntos, Takis},
pages={143-156},
language={English}
}
@Misc{Bennet2015,
author = {Bennet, James and Bhasin, Ajay and Grant, Jamila and Chung, Wen},
title = {PID Tuning Classical},
howpublished = {\url{https://controls.engin.umich.edu/wiki/index.php/PIDTuningClassical}},
month = {October},
year = {2006}
}

@Misc{ArduinoDue2015,
author = {Arduino},
title = {Arduino Due},
howpublished = {\url{https://www.pololu.com/product/1212}}
}

@Misc{artag2015,
author = {Scott Niekum},
title = {ar\_track\_alvar},
howpublished = {\url{http://wiki.ros.org/ar_track_alvar}}
}

@Misc{SchedaMotore2013,
author = {Pololu},
title = {MC33926 Motor Driver Carrier},
howpublished = {\url{https://www.pololu.com/product/1212}}
}


@Misc{Pololu2013,
author = {Pololu},
title = {30:1 Metal Gearmotor 37Dx52L mm with 64 CPR Encoder},
howpublished = {\url{https://www.pololu.com/product/1443}}
}


@InBook{Yong2010,
author = {Lui, Yong},
title = {Navigation and Control of Mobile Robot Using Sensor Fusion},
chapter = {Robot Vision},
publisher = {InTech},
year = {2010},
isbn = {978-953-307-077-3},
howpublished = {\url{http://www.intechopen.com/books/robot-vision/navigation-and-control-of-mobile-robot-using-sensor-fusion}}
}

@techreport{Welch:1995,
 author = {Welch, Greg and Bishop, Gary},
 title = {An Introduction to the Kalman Filter},
 year = {1995},
 source = {http://www.ncstrl.org:8900/ncstrl/servlet/search?formname=detail\&id=oai%3Ancstrlh%3Auncch_cs%3AUNCCH_CS%2F%2FTR95-041},
 publisher = {University of North Carolina at Chapel Hill},
 address = {Chapel Hill, NC, USA}
}

@book{Thrun:2005,
 author = {Thrun, Sebastian and Burgard, Wolfram and Fox, Dieter},
 title = {Probabilistic Robotics (Intelligent Robotics and Autonomous Agents)},
 year = {2005},
 isbn = {0262201623},
 publisher = {The MIT Press}
} 

@article{Klaus2007,
author = { Hayes, Andrew F.  and  Krippendorff, Klaus},
title = {Answering the Call for a Standard Reliability Measure for Coding Data},
journal = {Communication Methods and Measures},
volume = {1},
number = {1},
pages = {77-89},
year = {2007}
}

@Unpublished{Angel2015:2,
author = {Angel, Julian and Bonarini, Andrea},
title = {Conveying Emotions With Robots.}
}


@Unpublished{Angel2015:3,
author = {Angel, Julian and Bonarini,Andrea},
title = {Enriching Robot’s Actions with Affective Movements},
note = {Paper submitted at IEEE International Conference on Robotics and Automation (ICRA) 2016, Stockholm, Sweden.},
year = {2016}
}

@INPROCEEDINGS{Angel2014, 
author={Julian M. Angel. F. and Andrea Bonarini}, 
booktitle={Robot and Human Interactive Communication, 2014 RO-MAN: The 23rd IEEE International Symposium on}, 
title={Studying People’s Emotional Responses to Robot’s Movements in a Small Scene}, 
year={2014}, 
month={Aug}, 
pages={417-422}, 
keywords={human-robot interaction;humanoid robots;body posture;body shape;emotion projection;generic robot body movement;human interaction;humanoid robots;movement performance;nonbioinspired embodiment;nonbioinspired robot base;people emotional responses;social groups;Accuracy;Computer aided software engineering;Context;Emotion recognition;Robots;Shape;Trajectory}
}

@article{Canamero05,
title = "Emotion understanding from the perspective of autonomous robots research ",
journal = "Neural Networks ",
volume = "18",
number = "4",
pages = "445 - 455",
year = "2005",
note = "Emotion and Brain ",
issn = "0893-6080",
author = "Lola Ca{\~{n}}amero",
keywords = "Artificial emotions",
keywords = "Autonomous robots",
keywords = "Affective computing",
keywords = "Emotion understanding",
keywords = "Biologically inspired robotics "
}
@INPROCEEDINGS{angel2013,
AUTHOR = "Angel F., Julian M. and Andrea Bonarini",
TITLE = "Towards an Autonomous Theatrical Robot",
BOOKTITLE = "ACII'13",
PAGES = {689-694},
YEAR = {2013}, 
}

@incollection{angel2013b,
year={2014},
isbn={978-3-662-43644-8},
booktitle={Towards Autonomous Robotic Systems},
volume={8069},
series={Lecture Notes in Computer Science},
editor={Natraj, Ashutosh and Cameron, Stephen and Melhuish, Chris and Witkowski, Mark},
title={TheatreBot: A Software Architecture for a Theatrical Robot},
publisher={Springer Berlin Heidelberg},
keywords={Theatre; Human-robot interaction; Robot emotions},
author={Angel F., Julián M. and Bonarini, Andrea},
pages={446-457},
language={English}
}

@book{tomkins1962affect,
  title={Affect Imagery Consciousness: Volume I: The Positive Affects},
  author={Tomkins, S.},
  isbn={9780826104427},
  series={Affect, Imagery, Consciousness},
  year={1962},
  publisher={Springer Publishing Company}
}

@InBook{Petta2010,
author = {Stacy Marsella and Jonathan Gratch and Paolo Petta},
title = {A Blueprint for Affective Computing},
chapter = {Computational Models of Emotion},
publisher = {Oxford University Press},
year = {2010},
pages = {21-46}
}

@InBook{Scherer2010,
author = {Scherer, K. R.},
title = {A Blueprint for Affective Computing},
chapter = {Theoretical approaches to teh study of emotion in humans and machines},
publisher = {Oxford University Press},
year = {2010},
pages = {21-46}
}

@article{Russell1980,
    author = {Russell, J. A.},
    citeulike-article-id = {630522},
    journal = {Journal of Personality and Social Psychology},
    keywords = {dimensional, emotion, model},
    pages = {1161--1178},
    posted-at = {2008-01-30 16:04:06},
    priority = {2},
    title = {{A circumplex model of affect}},
    volume = {39},
    year = {1980}
}
@article{Nadia2013,
author = {Andrea Kleinsmith and Nadia Bianchi-Berthouze},
title = {Affective Body Expression Perception and Recognition: A Survey},
journal ={IEEE Transactions on Affective Computing},
volume = {4},
number = {1},
issn = {1949-3045},
year = {2013},
pages = {15-33},
doi = {http://doi.ieeecomputersociety.org/10.1109/T-AFFC.2012.16},
publisher = {IEEE Computer Society},
address = {Los Alamitos, CA, USA}
}

@inproceedings{Sharma2013,
 author = {Sharma, Megha and Hildebrandt, Dale and Newman, Gem and Young, James E. and Eskicioglu, Rasit},
 title = {Communicating Affect via Flight Path: Exploring Use of the Laban Effort System for Designing Affective Locomotion Paths},
 booktitle = {Proceedings of the 8th ACM/IEEE International Conference on Human-robot Interaction},
 series = {HRI '13},
 year = {2013},
 isbn = {978-1-4673-3055-8},
 location = {Tokyo, Japan},
 pages = {293--300},
 numpages = {8},
 acmid = {2447671},
 publisher = {IEEE Press},
 address = {Piscataway, NJ, USA},
 keywords = {affective computing, human-robot interaction, laban effort system, motion parameters, social human-robot interaction}
} 

@Book{Laban1968,
author = { Laban, Rudolf and Ullmann, Lisa. },
title = { Modern educational dance},
edition = { 2d ed., rev. by Lisa Ullmann. },
publisher = { Praeger New York },
pages = { vi, 114 p. },
year = { 1968 },
type = { Book },
language = { English },
subjects = { Dance. },
life-dates = { 1968 - 1963 },
catalogue-url = { http://nla.gov.au/nla.cat-vn574066 }
}

@techreport{Lang2008,
    address = {Gainesville, FL},
    author = {Lang, Peter J. and Bradley, Margaret M. and Cuthbert, B. N.},
    institution = {The Center for Research in Psychophysiology, University of Florida},
    keywords = {affective\_stimuli, datasets, emotion\_elicitation, pictures, technical\_reports, visual\_stimuli},
    number = {A-8},
    posted-at = {2012-02-20 13:37:54},
    priority = {2},
    title = {{International affective picture system (IAPS): Affective ratings of pictures and instruction manual}},
    url = {http://csea.phhp.ufl.edu/Media.html},
    year = {2008}
}

@article { Gelder2008,
	author = {de Gelder, Beatrice},
	title = {Why bodies? Twelve reasons for including bodily expressions in affective neuroscience},
	volume = {364},
	number = {1535},
	pages = {3475--3484},
	year = {2009},
	doi = {10.1098/rstb.2009.0190},
	publisher = {The Royal Society},
	isbn = {1471-2970},
	issn = {0962-8436},
	journal = {Philosophical Transactions of the Royal Society of London B: Biological Sciences}
}

@article {Dael2012,
	title = {Emotion expression in body action and posture},
	journal = {Emotion},
	volume = {12},
	year = {2012},
	pages = {1085-1101},
	keywords = {appraisal, Emotion, expression, gesture, posture},
	doi = {10.1037/a0025737},
	author = {Dael, N. and Mortillaro, M. and Scherer, K. R.}
}

@article{Venture2014,
year={2014},
issn={1875-4791},
journal={International Journal of Social Robotics},
volume={6},
number={4},
doi={10.1007/s12369-014-0243-1},
title={Recognizing Emotions Conveyed by Human Gait},
url={http://dx.doi.org/10.1007/s12369-014-0243-1},
publisher={Springer Netherlands},
keywords={Emotion; Gait; Recognition},
author={Venture, Gentiane and Kadone, Hideki and Zhang, Tianxiang and Grèzes, Julie and Berthoz, Alain and Hicheur, Halim},
pages={621-632},
language={English}
}

@article{Roether2009,
author = {Roether, Claire L. and Omlor, Lars and Christensen, Andrea and Giese, Martin A.},
title = {Critical features for the perception of emotion from gait},
journal = {Journal of Vision},
volume = {9},
number = {6},
pages = {15},
year = {2009},
doi = {10.1167/9.6.15},
URL = {  http://dx.doi.org/10.1167/9.6.15},
eprint = {/data/Journals/JOV/933553/jov-9-6-15.pdf}
}

@article{Kluwer2004,
year={2004},
issn={0191-5886},
journal={Journal of Nonverbal Behavior},
volume={28},
number={2},
doi={10.1023/B:JONB.0000023655.25550.be},
title={Attributing Emotion to Static Body Postures: Recognition Accuracy, Confusions, and Viewpoint Dependence},
publisher={Kluwer Academic Publishers-Plenum Publishers},
keywords={emotion; expression; posture},
author={Coulson, Mark},
pages={117-139},
language={English}
}

@article{Meijer1989,
year={1989},
issn={0191-5886},
journal={Journal of Nonverbal Behavior},
volume={13},
number={4},
doi={10.1007/BF00990296},
title={The contribution of general features of body movement to the attribution of emotions},
publisher={Kluwer Academic Publishers-Human Sciences Press},
author={de Meijer, Marco},
pages={247-268},
language={English}
}

@article {Wallboot1998,
author = {Wallbott, Harald G.},
title = {Bodily expression of emotion},
journal = {European Journal of Social Psychology},
volume = {28},
number = {6},
publisher = {John Wiley & Sons, Ltd.},
issn = {1099-0992},
doi = {10.1002/(SICI)1099-0992(1998110)28:6<879::AID-EJSP901>3.0.CO;2-W},
pages = {879--896},
year = {1998}
}

@misc {Calvo,
      author = { Calvo and  D'Mello and  Gratch and  Kappas and  Paiva and  Leite and  Ribeiro},
      title = {Emotion Modeling for Social Robots},
      publisher = {Oxford University Press},
      isbn = {9780199942237},
      howpublish = {\url{http://www.oxfordhandbooks.com/10.1093/oxfordhb/9780199942237.001.0001/oxfordhb-9780199942237-e-029}}
}

@article{Crane2013,
year={2013},
issn={0191-5886},
journal={Journal of Nonverbal Behavior},
volume={37},
number={2},
doi={10.1007/s10919-013-0144-2},
title={Effort-Shape Characteristics of Emotion-Related Body Movement},
url={http://dx.doi.org/10.1007/s10919-013-0144-2},
publisher={Springer US},
keywords={Bodily expression; Effort-shape analysis; Emotion; Emotion recognition; Gait},
author={Crane, ElizabethA. and Gross, M.Melissa},
pages={91-105},
language={English}
}

@incollection{marsella_computational_2010,
	address = {Oxford},
	title = {Computational {Models} of {Emotion}},
	booktitle = {A blueprint for an affectively competent agent: {Cross}-fertilization between {Emotion} {Psychology}, {Affective} {Neuroscience}, and {Affective} {Computing}},
	publisher = {Oxford University Press},
	author = {Marsella, Stacy C. and Gratch, Jonathan and Petta, Paola},
	editor = {Scherer, K. R. and Banziger, T. and {Roesch}},
	year = {2010},
	keywords = {Social Simulation, Virtual Humans}
}

@ARTICLE{Gratch04adomain-independent,
    author = {Jonathan Gratch and Stacy Marsella},
    title = {A domain-independent framework for modeling emotion},
    journal = {Journal of Cognitive Systems Research},
    year = {2004},
    volume = {5},
    pages = {269--306}
}

@incollection{cynthia2001,
year={2001},
isbn={978-3-540-42567-0},
booktitle={Advances in Artificial Life},
volume={2159},
series={Lecture Notes in Computer Science},
editor={Kelemen, Jozef and Sosík, Petr},
doi={10.1007/3-540-44811-X_66},
title={Affective Interaction between Humans and Robots},
publisher={Springer Berlin Heidelberg},
author={Breazeal, Cynthia},
pages={582-591},
language={English}
}

@article{canamero_i_2001,
    author = {Ca\~{n}amero, Lola and Fredslund, J.},
    citeulike-article-id = {7749579},
    journal = {{IEEE} Transactions on Systems, Man and Cybernetics, Part A},
    keywords = {probably-quite-rough, scraped-from-metadata},
    number = {5},
    posted-at = {2010-08-31 12:05:12},
    priority = {0},
    title = {{I show you how I like you-can you read it in my face?}},
    volume = {31},
    year = {2001}
}

@InBook{Feldman2010,
author = {Robers S Feldman},
title = {Psychology and your life},
chapter = {Sensation and Perception},
publisher = {McGraw Hill},
year = {2010}
}

@inproceedings{Esau2007,
  author    = {Natascha Esau and
               Lisa Kleinjohann and
               Bernd Kleinjohann},
  title     = {Emotional Communication with the Robot Head {MEXI}},
  booktitle = {Ninth International Conference on Control, Automation, Robotics and
               Vision, {ICARCV} 2006, Singapore, 5-8 December 2006, Proceedings},
  pages     = {1--7},
  year      = {2006}
}

@article{Salichs2012,
author = {M. Malfaz and M. A. Salichs},
title = {A New Approach to Modeling Emotions and Their Use on a Decision-Making System for Artificial Agents},
journal ={IEEE Transactions on Affective Computing},
volume = {3},
number = {1},
issn = {1949-3045},
year = {2012},
pages = {56-68},
publisher = {IEEE Computer Society},
address = {Los Alamitos, CA, USA}
}

@inproceedings{Christopher2007,
  author    = {Christopher P. Lee{-}Johnson and
               Dale Anthony Carnegie},
  title     = {Emotion-based parameter modulation for a hierarchical mobile robot
               planning and control architecture},
  booktitle = {2007 {IEEE/RSJ} International Conference on Intelligent Robots and
               Systems, October 29 - November 2, 2007, Sheraton Hotel and Marina,
               San Diego, California, {USA}},
  pages     = {2839--2844},
  year      = {2007}
}

@book{allan1999,
   title = {The cognitive structure of emotions},
   author = {Ortony, Andrew and Clore, Gerald L. and Collins, Allan},
   publisher = {Cambridge Univ. Press},
   address = {Cambridge, New York},
   url = {http://opac.inria.fr/record=b1125551},
   isbn = {0-521-35364-5},
   note = {Autre tirage : 1999},
   year = {1994}
}

@inbook{scherer2001,
    author = {Scherer, K. R.},
    booktitle = {Appraisal processes in emotion: Theory, Methods, Research},
    citeulike-article-id = {1223810},
    editor = {Scherer, K. R. and Schorr, A. and Johnstone, T.},
    keywords = {acii-2007, emotion-recognition},
    pages = {92--120},
    posted-at = {2007-04-13 09:35:28},
    priority = {2},
    publisher = {New York and Oxford: Oxford University Press},
    title = {{Appraisal considered as a process of multi-level sequential checking.}},
    year = {2001}
}

@Article{Izard1993,
author = {Carroll Izard },
title = {Four systems for emotion activation: cognitive and noncognitive processes.},
journal = {Psychological review},
year = {1993},
pages = {68-90}
}

@inproceedings{Dias2011Fatima,
    author = {Dias, Joao and Mascarenhas, Samuel and Paiva, Ana},
    booktitle = {International Workshop on Standards for Emotion Modeling},
    citeulike-article-id = {12946337},
    keywords = {ai, interactive\_storytelling, video\_games},
    posted-at = {2014-02-03 10:36:00},
    priority = {0},
    title = {{Fatima modular: Towards an agent architecture with a generic appraisal framework}},
    year = {2011}
}

@article{tomkins:84,
  title={Affect theory},
  author={Tomkins, Silvan S},
  journal={Approaches to emotion},
  volume={163},
  pages={195},
  year={1984}
}

@Misc{Kelly2009,
author = {Vernon Kelly},
title = {A primer of affect psychology},
howpublish = {\url{http://www.tomkins.org/wp-content/uploads/2014/07/Primer\_of\_Affect\_Psychology-Kelly.pdf}},
year = {2009}
}

