@Misc{PID2015,
author = {Beauregard, Brett},
title = {PID Library},
howpublished = "\url{http://playground.arduino.cc/Code/PIDLibrary}"
}

@article{martinoiabonarinicalandriello2013,
  author    = {Diego Martinoia and
               Daniele Calandriello and
               Andrea Bonarini},
  title     = {Physically Interactive Robogames: Definition and design
               guidelines},
  journal   = {Robotics and Autonomous Systems},
  volume    = {61},
  number    = {8},
  year      = {2013},
  pages     = {739-748}
}

@inproceedings{Destephe2013,
  author    = {Matthieu Destephe and
               Takayaki Maruyama and
               Massimiliano Zecca and
               Kenji Hashimoto and
               Atsuo Takanishi},
  title     = {Improving the human-robot interaction through emotive movements:
               a special case: walking},
  booktitle = {HRI},
  year      = {2013},
  pages     = {115-116}
}

@inproceedings{Singh2013,
  author    = {Ashish Singh and
               James Everett Young},
  title     = {A dog tail for communicating robotic states},
  booktitle = {HRI},
  year      = {2013},
  pages     = {417-418}
}

@inproceedings{Saerbeck2007,
  author    = {Martin Saerbeck and
               Albert J. N. van Breemen},
  title     = {Design guidelines and tools for creating believable motion
               for personal robots},
  booktitle = {RO-MAN},
  year      = {2007},
  pages     = {386-391}
}

@Article{Gelder2009,
author = {Beatrice de Gelder},
title = {Why bodies? Twelve reasons for including bodily expressions in affective neuroscience},
journal = {Philosophical Transactions},
year = {2009},
pages = {3475-3484}
}


@article{Goodrich2007,
 author = {Goodrich, Michael A. and Schultz, Alan C.},
 title = {Human-robot Interaction: A Survey},
 journal = {Found. Trends Hum.-Comput. Interact.},
 issue_date = {February 2007},
 volume = {1},
 number = {3},
 month = jan,
 year = {2007},
 issn = {1551-3955},
 pages = {203--275},
 numpages = {73},
 url = {http://dx.doi.org/10.1561/1100000005},
 doi = {10.1561/1100000005},
 acmid = {1348100},
 publisher = {Now Publishers Inc.},
 address = {Hanover, MA, USA}
} 


@Book{Tricks2003,
author = {Leil Lowndes},
title = {How to Talk to Anyone},
publisher = {McGraw Hill},
year = {2003}
}


@article{kleinsmith2012affective,
 	author={Kleinsmith, A. and Bianchi-Berthouze, N.}, 
	journal={Affective Computing, IEEE Transactions on}, 
	title={Affective Body Expression Perception and Recognition: A Survey}, 
	year={2013}, 
	volume={4}, 
	number={1}, 
	pages={15-33}
}

@conference{inversionHRI2013,
author = "Zlotowski, Jakub and Bartneck, Christoph",
booktitle = "Proceedings of the 8th ACM/IEEE international conference on Human-robot interaction",
doi = "10.1109/HRI.2013.6483611",
pages = "365-372 ",
publisher = "IEEE Press",
title = "{T}he inversion effect in {HRI}: are robots perceived more like humans or objects?",
year = "2013",
}

@MISC{Allison05designingrobots,
    author = {Rachel Gockley Allison and Allison Bruce and Jodi Forlizzi and Marek Michalowski and Anne Mundell and Stephanie Rosenthal and Brennan Sellner and Reid Simmons and Kevin Snipes and Alan C. Schultz and Jue Wang},
    title = {Designing Robots for Long-Term Social Interaction},
    year = {2005}
}

@INPROCEEDINGS{Moshkina2003, 
author={Moshkina, L. and Arkin, R.C.}, 
booktitle={Systems, Man and Cybernetics, 2003. IEEE International Conference on}, 
title={On TAMEing robots}, 
year={2003}, 
volume={4}, 
pages={3949-3959 vol.4}, 
keywords={artificial intelligence;behavioural sciences;human computer interaction;man-machine systems;robots;affect module;attitude;emotions;human-robot interaction;moods;personality module;robotic behavior;traits;Cognitive robotics;Computational modeling;Computer interfaces;Human robot interaction;Laboratories;Mobile robots;Mood;Orbital robotics;Paper technology;Robot sensing systems}, 
doi={10.1109/ICSMC.2003.1244505}, 
ISSN={1062-922X}
}

@INPROCEEDINGS{gockley2006, 
author={Gockley, R. and Simmons, R. and Forlizzi, J.}, 
booktitle={Robot and Human Interactive Communication, 2006. ROMAN 2006. The 15th IEEE International Symposium on}, 
title={Modeling Affect in Socially Interactive Robots}, 
year={2006}, 
pages={558-563}, 
keywords={emotion recognition;humanoid robots;interactive systems;man-machine systems;Roboceptionist;human emotion;socially interactive robots;Cultural differences;Displays;Global communication;Human robot interaction;Humanoid robots;Medical services;Mood;Orbital robotics;Senior citizens}
}

@InProceedings{Hicheur2013,
author = {Halim Hicheur and Hideki Kadone and Julie Grezes and Alain Berthoz},
title = {Perception of emotional gaits using avatar animation of real and artificially synthesized gaits},
booktitle = {2013 Humaine association Conference on Affective Computing and Intelligent Interaction},
publisher = {IEEE Computer Society},
keywords = {emotion, locomotion, posture, avatar animation, gait analysis},
pages = {460--466},
year = {2013}
}

@inproceedings{Arras2012,
           month = {September},
          author = {Stephanie {Embgen} and Matthias {Luber} and Christian {Becker-Asano} and Marco {Ragni} and Vanessa {Evers} and Kai O. {Arras}},
       booktitle = {Robot and Human Interactive Communication, 2012 RO-MAN: The 21st IEEE International Symposium on Robot and Human Interactive Communication},
         address = {USA},
           title = {Robot-specific social cues in emotional body language},
       publisher = {IEEE Computer Society},
           pages = {1019--1025},
            year = {2012},
        keywords = {emotion recognition , human-robot interaction , humanoid robots , intelligent robots , psychology}
}
@book{Ekman2001,
    author = {Ekman, Paul},
    day = {10},
    edition = {2 Rev Sub},
    howpublished = {Paperback},
    isbn = {0393321886},
    month = sep,
    publisher = {W. W. Norton \& Company},
    title = {{Telling Lies: Clues to Deceit in the Marketplace, Politics, and Marriage (Revised and Updated Edition)}},
    year = {2001}
}

@InProceedings{Canamero2010,
author = {Beck, Aryel and Hiolle, Antoine and Mazel, Alexandre and Ca\~{n}amero, Lola},
title = {Interpretation of Emotional Body Language Displayed by Robots},
booktitle = {3rd ACM Workshop on Affective Interaction in Natural Environments},
pages = {37-42},
year = {2010}
}
@inproceedings{haering2011,
    author = {H\"{a}ring, Markus and Bee, Nikolaus and Andr\'{e}, Elisabeth},
    booktitle = {IEEE International Symposium on Robot and Human Interactive Communication (Ro-Man)},
    citeulike-article-id = {9679138},
    keywords = {animation, behavior, emotion, expression, pad, robot},
    priority = {2},
    title = {Creation and Evaluation of Emotion Expression with Body Movement, Sound and Eye Color for Humanoid Robots},
    year = {2011}
}

@book{Ekman2004,
    author = {Ekman, Paul},
    day = {01},
    howpublished = {Paperback},
    isbn = {080507516X},
    keywords = {emotions},
    month = mar,
    posted-at = {2010-09-29 18:39:15},
    priority = {2},
    publisher = {{Owl Books}},
    title = {{Emotions Revealed : Recognizing Faces and Feelings to Improve Communication and Emotional Life}},
    year = {2004}
}

@Misc{NAO2013,
author = {Aldebaran Robotics},
title = {NAO},
howpublished = {\url{http://www.aldebaran-robotics.com/en/}}
}

@book{Breazeal2002,
 author = {Breazeal, Cynthia},
 title = {Designing Sociable Robots},
 year = {2002},
 isbn = {0262025108},
 publisher = {MIT Press},
 address = {Cambridge, MA, USA}
} 

@INPROCEEDINGS{Simmons2002, 
author={Bruce, A. and Nourbakhsh, I. and Simmons, R.}, 
booktitle={Robotics and Automation, 2002. Proceedings. ICRA '02. IEEE International Conference on}, 
title={The role of expressiveness and attention in human-robot interaction}, 
year={2002}, 
volume={4}, 
pages={4138-4142 vol.4}, 
keywords={intelligent control;mobile robots;user interfaces;HRI;attention;expressiveness;human-robot interaction;human-robot social interaction;humanoid face;socially interactive robots;Context;Face;Feedback;Human robot interaction;Humanoid robots;Programming profession;Software agents;Speech recognition;Testing;Turning}
}


@Book{Knapp1982,
author = {Mark Knapp},
title = {La Comunicacion No Verbal: El Cuerpo y El Entorno},
publisher = {Ediciones Paidos, Barcelona - Buenos Aires},
year = {1982}
}

@Misc{Ricerca2013,
title = {La Notte dei Ricercatori},
howpublished = {\url{http://meetmetonight.it}}
}

@Misc{Arduino2013,
title = {Arduino Mega 2560},
howpublished = {\url{http://arduino.cc/en/Main/arduinoBoardMega2560}}

}

@conference{lu2011position,
  title = {Human-Robot Interactions as Theatre},
  author = {Lu, David V. and Smart, William D.},
  booktitle = {RO-MAN 2011},
  year = {2011},
  isbn = {978-1-4577-1572-3},
  location = {Atlanta, Georgia},
  pages = {473--478},
  organization = {IEEE}
}
@INPROCEEDINGS{Pinhanez97,
    author = {Claudio Pinhanez},
    title = {Computer Theater},
    booktitle = {Proc. of the Eighth International Symposium on Electronic Arts (ISEA'97)},
    year = {1997}
}



@book{Reeves1996,
 author = {Reeves, Byron and Nass, Clifford},
 title = {The Media Equation: How People Treat Computers, Television, and New Media Like Real People and Places},
 year = {1996},
 isbn = {1-57586-052-X},
 publisher = {Cambridge University Press},
 address = {New York, NY, USA},
} 